@book{adams1995hitchhiker,
  title={The Hitchhiker's Guide to the Galaxy},
  author={Adams, D.},
  isbn={9781417642595},
  url={http://books.google.com/books?id=W-xMPgAACAAJ},
  year={1995},
  publisher={San Val}
}

@article{sanagawa2001characteristics,
  title={Characteristics of lift and restoring force in HTS bulk-application to two-dimensional maglev transporter},
  author={Sanagawa, Y and Ueda, H and Tsuda, M and Ishiyama, A and Kohayashi, S and Haseyama, S},
  journal={IEEE transactions on applied superconductivity},
  volume={11},
  number={1},
  pages={1797--1800},
  year={2001},
  publisher={IEEE}
}

@misc{Pols2019,
    author = {Pols, C.F.J.},
    title = {TN1405: Introductie tot experimenteren},
} 